{1:F01BANKBICAXXX0000000000}{2:I940BANKBICXXXXN3020}{4:
:20:REF0000000000001
:25:CC00BANK0123456789
:28C:001/1
:60F:C240101EUR0,00
:61:2401010101C1000,00N401NONREF//TRANSREF00000001
:86:/TRTP/SEPA OVERBOEKING/IBAN/CC01BANK0987654321/BIC/BANKBIC
/NAME/Private account/EREF/NOTPROVIDED/REMI/Monthly investment from private account
:61:2401010101D8.95N401NONREF//TRANSREF00000002
:86:/TRTP/SERVICECOSTS/BBAN/12345678/NAME/The Bank/REMI/Service costs Januari
:62F:C240702EUR991.05
-}
