{1:F01BANKBICAXXX0000000000}{2:I940BANKBICXXXXN3020}{4:
:20:REF0000000000001
:25:CC00BANK0123456789
:28C:001/1
:60F:C240701EUR1,00
:61:2407010701C2,00N401NONREF//TRANSREF00000001
:86:/TRTP/SEPA OVERBOEKING/IBAN/CC01BANK0987654321/BIC/BANKBIC
/NAME/<some name>/EREF/NOTPROVIDED/REMI/<some description>
:61:2407010701D1,00N401NONREF//TRANSREF00000002
:86:/TRTP/SEPA INCASSO/IBAN/CC01BANK0987654321/NAME/<some name>/REMI/<some description>
:62F:C240702EUR1,00
-}
